
@inbook{ACTUC,
author = {Dorling, Daniel},
year = {2011},
month = {04},
pages = {252 - 260},
title = {Area Cartograms: Their Use and Creation},
volume = {59},
isbn = {9780470979587},
booktitle = {Concepts and Techniques in Modern Geography (CATMOG)},
doi = {10.1002/9780470979587.ch33}
}


@article{NISCC,
author = {Borden D. Dent},
title = {A Note on the Importance of Shape in Cartogram Communication},
journal = {Journal of Geography},
volume = {71},
number = {7},
pages = {393-401},
year  = {1972},
doi = {10.1080/00221347208981697},
URL = {https://doi.org/10.1080/00221347208981697}
}

@ARTICLE{GTPCCD,
author={H. {Hofmann} and L. {Follett} and M. {Majumder} and D. {Cook}},
journal={IEEE Transactions on Visualization and Computer Graphics},
title={Graphical Tests for Power Comparison of Competing Designs},
year={2012},
volume={18},
number={12},
pages={2441-2448},
keywords={computer graphics;graphical tests;power comparison;visual testing;standard statistical inference tests;graphical findings;distributional assumptions;lineups;graphical designs;coordinate system;polar coordinates;cartesian coordinates;spotting patterns;plot designs;Amazon Mechanical Turk;MTurk;Observers;Accuracy;Data models;Visual analytics;Statistical analysis;Inference mechanisms;Lineups;Visual inference;Power comparison;Efficiency of displays},
doi={10.1109/TVCG.2012.230},
ISSN={},
month={Dec}}

@Manual{RCore,
    title = {R: A Language and Environment for Statistical Computing},
    author = {{R Core Team}},
    organization = {R Foundation for Statistical Computing},
    address = {Vienna, Austria},
    year = {2019},
    url = {https://www.R-project.org/},
}

@Book{ggplot2,
    author = {Hadley Wickham},
    title = {ggplot2: Elegant Graphics for Data Analysis},
    publisher = {Springer-Verlag New York},
    year = {2016},
    isbn = {978-3-319-24277-4},
    url = {https://ggplot2.tidyverse.org},
}

@Article{lme4,
    title = {Fitting Linear Mixed-Effects Models Using {lme4}},
    author = {Douglas Bates and Martin M{\"a}chler and Ben Bolker and Steve Walker},
    journal = {Journal of Statistical Software},
    year = {2015},
    volume = {67},
    number = {1},
    pages = {1--48},
    doi = {10.18637/jss.v067.i01},
}