@article{SIEDAMD,
  ISSN = {1364503X},
  URL = {http://www.jstor.org/stable/40485732},
  number = {1906},
  pages = {4361--4383},
  publisher = {Royal Society},
  title = {Statistical Inference for Exploratory Data Analysis and Model Diagnostics},
  volume = {367},
  year = {2009}
}


@misc{abs2016,
  title={{Australian Statistical Geography Standard (ASGS)}}, 
  url={{https://www.abs.gov.au/websitedbs/D3310114.nsf/home/Australian   Statistical Geography Standard (ASGS)}},
  journal={Australian Bureau of Statistics}, 
  publisher={Australian Government},
  year={2018}, 
  month={Jul}
}


@Manual{sheets,
  title = {googlesheets: Manage Google Spreadsheets from R},
  author = {Jennifer Bryan and Joanna Zhao},
  year = {2018},
  note = {R package version 0.3.0},
  url = {https://CRAN.R-project.org/package=googlesheets},
}


@Manual{RCore,
  title = {R: A Language and Environment for Statistical Computing},
  author = {{R Core Team}},
  organization = {R Foundation for Statistical Computing},
  address = {Vienna, Austria},
  year = {2019},
  url = {https://www.R-project.org/}
}


@Article{lme4,
  title = {Fitting Linear Mixed-Effects Models Using {lme4}},
  author = {Douglas Bates and Martin M{\"a}chler and Ben Bolker and Steve Walker},
  journal = {Journal of Statistical Software},
  year = {2015},
  volume = {67},
  number = {1},
  pages = {1--48},
  doi = {10.18637/jss.v067.i01}
}


@article{VVSIALM,
  author = { Mahbubul   Majumder  and  Heike   Hofmann  and  Dianne   Cook },
  title = {Validation of Visual Statistical Inference, Applied to Linear Models},
  journal = {Journal of the American Statistical Association},
  volume = {108},
  number = {503},
  pages = {942-956},
  year  = {2013},
  publisher = {Taylor & Francis},
  doi = {10.1080/01621459.2013.808157},
  URL = { https://doi.org/10.1080/01621459.2013.808157},
  eprint = {https://doi.org/10.1080/01621459.2013.808157}
}


@Article{GIIV,
  author = {Hadley Wickham and Dianne Cook and Heike Hofmann and Andreas Buja},
  journal = {IEEE Transactions on Visualization and Computer Graphics (Proc. InfoVis '10)},
  number = {6},
  pages = {973–979},
  selected = {TRUE},
  title = {Graphical inference for infovis},
  volume = {16},
  year = {2010},
  bdsk-url-1 = {http://dx.doi.org/10.1109/TVCG.2010.161},
}


@article{GTPCCD,
  title={Graphical Tests for Power Comparison of Competing Designs},
  author={Heike Hofmann and Lendie Follett and Mahbubul Majumder and Dianne Cook},
  journal={IEEE Transactions on Visualization and Computer Graphics},
  year={2012},
  volume={18},
  pages={2441-2448}
}


@Manual{shiny,
   title = {shiny: Web Application Framework for R},
   author = {Winston Chang and Joe Cheng and JJ Allaire and Yihui Xie and Jonathan McPherson},
   year = {2019},
   note = {R package version 1.4.0},
   url = {https://CRAN.R-project.org/package=shiny},
}


 @Manual{shinyd,
   title = {shinydashboard: Create Dashboards with 'Shiny'},
   author = {Winston Chang and Barbara {Borges Ribeiro}},
   year = {2018},
   note = {R package version 0.7.1},
   url = {https://CRAN.R-project.org/package=shinydashboard},
}
  
  
@inbook{ACTUC,
  author = {Dorling, Daniel},
  year = {2011},
  month = {04},
  pages = {252 - 260},
  title = {{Area Cartograms: Their Use and Creation}},
  volume = {59},
  isbn = {9780470979587},
  booktitle = {Concepts and Techniques in Modern Geography (CATMOG)},
  doi = {10.1002/9780470979587.ch33}
}


@incollection{HEDP,
  title={{Historical Evolution of Disease Mapping in General and Specifically of Cancer Mapping}},
  author={Howe, GM},
  booktitle={Cancer mapping},
  pages={1--21},
  year={1989},
  publisher={Springer}
}


@article{NAC,
author = {Judy M. Olson},
title = {{Noncontiguous Area Cartograms}},
journal = {The Professional Geographer},
volume = {28},
number = {4},
pages = {371-380},
year  = {1976},
publisher = {Routledge},
doi = {10.1111/j.0033-0124.1976.00371.x},
URL = {https://doi.org/10.1111/j.0033-0124.1976.00371.x},
eprint = {https://doi.org/10.1111/j.0033-0124.1976.00371.x}
}


@inproceedings{CBATCC,
  title={{A Constraint-based Approach to Constructing Continuous Cartograms}},
  author={Kocmoud, C and House, D},
  booktitle={Proc. Symp. Spatial Data Handling},
  pages={236--246},
  year={1998}
}


@article{CTTMB,
author = {T.L.C. Griffin},
title = {{Cartographic Transformation of the Thematic Map Base}},
journal = {Cartography},
volume = {11},
number = {3},
pages = {163-174},
year  = {1980},
publisher = {Taylor & Francis},
doi = {10.1080/00690805.1980.10438102},
URL = {https://doi.org/10.1080/00690805.1980.10438102},
eprint = {https://doi.org/10.1080/00690805.1980.10438102}
}


@article{NISCC,
author = {Borden D. Dent},
title = {{A Note on the Importance of Shape in Cartogram Communication}},
journal = {Journal of Geography},
volume = {71},
number = {7},
pages = {393-401},
year  = {1972},
doi = {10.1080/00221347208981697},
URL = {https://doi.org/10.1080/00221347208981697}
}


@article{RSCW,
   author = {Raisz, Erwin},
   title = {{Rectangular Statistical Cartograms of the World}},
   journal = {Journal of
Geography},
   volume = {35},
   issue = {1},
   pages = {8-10},
   doi = {10.1080/00221343608987880},
   year = {1963},
   type = {Journal Article}
}


@article{CDWCS,
  author = {Mark Monmonier},
  title ={{Cartography: Distortions, World-views and Creative Solutions}},
  journal = {Progress in Human Geography},
  volume = {29},
  number = {2},
  pages = {217-224},
  year = {2005},
  URL = {https://doi.org/10.1191/0309132505ph540pr},
  eprint = {https://doi.org/10.1191/0309132505ph540pr}, 
  doi = {10.1191/0309132505ph540pr}
}


@article{atlas,
 title =  {{Australian Cancer Atlas (https://atlas.cancer.org.au)}},
  author = {Cancer Council Queensland},
  publisher = {{Queensland University of Technology, Cooperative Research Centre for Spatial Information}}, issue = {Version 09-2018},
  accessed = {Jan 12 2020}}
}


@Book{rmarkdown,
  title = {R Markdown: The Definitive Guide},
  author = {Yihui Xie and J.J. Allaire and Garrett Grolemund},
  publisher = {Chapman and Hall/CRC},
  address = {Boca Raton, Florida},
  year = {2018},
  note = {ISBN 9781138359338},
  url = {https://bookdown.org/yihui/rmarkdown},
}


@Manual{rticles,
    title = {rticles: Article Formats for R Markdown},
    author = {JJ Allaire and Yihui Xie and {R Foundation} and Hadley Wickham and {Journal of Statistical Software} and Ramnath  Vaidyanathan and {Association for Computing Machinery} and Carl Boettiger and {Elsevier} and Karl Broman and Kirill Mueller and Bastiaan Quast and Randall  Pruim and Ben Marwick and Charlotte Wickham and Oliver Keyes and Miao Yu and Daniel Emaasit and Thierry Onkelinx and Alessandro Gasparini and Marc-Andre Desautels and Dominik Leutnant and {MDPI} and {Taylor and Francis} and Oguzhan Ögreden and Dalton Hance and Daniel Nüst and Petter Uvesten and Elio Campitelli and John Muschelli and Zhian N. Kamvar and Noam Ross and Robrecht Cannoodt},
    year = {2019},
    note = {R package version 0.13},
    url = {https://CRAN.R-project.org/package=rticles},
}


@InCollection{knitr,
  booktitle = {Implementing Reproducible Computational Research},
  editor = {Victoria Stodden and Friedrich Leisch and Roger D. Peng},
  title = {knitr: A Comprehensive Tool for Reproducible Research in {R}},
  author = {Yihui Xie},
  publisher = {Chapman and Hall/CRC},
  year = {2014},
  note = {ISBN 978-1466561595},
  url = {http://www.crcpress.com/product/isbn/9781466561595}
}


@Article{tidyverse,
    title = {Welcome to the {tidyverse}},
    author = {Hadley Wickham and Mara Averick and Jennifer Bryan and Winston Chang and Lucy D'Agostino McGowan and Romain François and Garrett Grolemund and Alex Hayes and Lionel Henry and Jim Hester and Max Kuhn and Thomas Lin Pedersen and Evan Miller and Stephan Milton Bache and Kirill Müller and Jeroen Ooms and David Robinson and Dana Paige Seidel and Vitalie Spinu and Kohske Takahashi and Davis Vaughan and Claus Wilke and Kara Woo and Hiroaki Yutani},
  year = {2019},
  journal = {Journal of Open Source Software},
  volume = {4},
  number = {43},
  pages = {1686},
  doi = {10.21105/joss.01686}
}


@Manual{nullabor,
  title = {nullabor: Tools for Graphical Inference},
  author = {Hadley Wickham and Niladri Roy Chowdhury and Di Cook and Heike Hofmann},
  year = {2018},
  note = {R package version 0.3.5},
  url = {https://CRAN.R-project.org/package=nullabor}
}


@Manual{ggthemes,
  title = {ggthemes: Extra Themes, Scales and Geoms for 'ggplot2'},
  author = {Jeffrey B. Arnold},
  year = {2019},
  note = {R package version 4.2.0},
  url = {https://CRAN.R-project.org/package=ggthemes}
}


@Manual{RColorBrewer,
  title = {RColorBrewer: ColorBrewer Palettes},
  author = {Erich Neuwirth},
  year = {2014},
  note = {R package version 1.1-2},
  url = {https://CRAN.R-project.org/package=RColorBrewer}
}


@Manual{cowplot,
  title = {cowplot: Streamlined Plot Theme and Plot Annotations for 'ggplot2'},
  author = {Claus O. Wilke},
  year = {2019},
  note = {R package version 1.0.0},
  url = {https://CRAN.R-project.org/package=cowplot}
}


@Manual{png,
  title = {png: Read and write PNG images},
  author = {Simon Urbanek},
  year = {2013},
  note = {R package version 0.1-7},
  url = {https://CRAN.R-project.org/package=png}
}


@Manual{grid,
  title = {R: A Language and Environment for Statistical Computing},
  author = {{R Core Team}},
  organization = {R Foundation for Statistical Computing},
  address = {Vienna, Austria},
  year = {2019},
  url = {https://www.R-project.org/}
}


@Manual{kableExtra,
  title = {kableExtra: Construct Complex Table with 'kable' and Pipe Syntax},
  author = {Hao Zhu},
  year = {2019},
  note = {R package version 1.1.0},
  url = {https://CRAN.R-project.org/package=kableExtra},
}
  
  
@Manual{sugarbag,
 title = {sugarbag: Create Tessellated Hexagon Maps},
 year = {2019},
 author = {Stephanie Kobakian and Dianne Cook},
 note = {https://srkobakian.github.io/sugarbag/, https://github.com/srkobakian/sugarbag},
}
  