@misc{figeight,
  author={{Figure Eight Inc}}, 
  title={The {E}ssential {H}igh-{Q}uality {D}ata {A}nnotation {P}latform}, 
  url={https://www.figure-eight.com/}, 
  year={2019}
} 

@Article{BCHLLSW09,
  author  = {Buja, A. and Cook, D. and Hofmann, H. and Lawrence, M. and Lee, E.-K. and Swayne, D.~F. and Wickham, H.},
  title   = {Statistical {I}nference for {E}xploratory {D}ata {A}nalysis and {M}odel
            {D}iagnostics},
  journal = {Philosophical Transactions of the Royal Society, A (Invited)},
  year    = {2009}, Volume=367, Pages="4361--4383",
  url = {https://doi.org/10.1098/rsta.2009.0120}
 }

@misc{abs2016,
  author={{Australian Bureau of Statistics}}, 
  title={{Australian Statistical Geography Standard (ASGS)}}, 
  url={https://www.abs.gov.au/statistics/statistical-geography/australian-statistical-geography-standard-asgs},
   year={2018}, 
  month={Jul}
}

@Manual{sheets,
  title = {{googlesheets}: {M}anage {G}oogle {S}preadsheets from {R}},
  author = {Jennifer Bryan and Joanna Zhao},
  year = {2018},
  note = {R package version 0.3.0},
  url = {https://CRAN.R-project.org/package=googlesheets}
}

@Manual{RCore,
  title = {R: {A} {L}anguage and {E}nvironment for {S}tatistical {C}omputing},
  author = {{R Core Team}},
  organization = {R Foundation for Statistical Computing},
  address = {Vienna, Austria},
  year = {2019},
  url = {https://www.R-project.org/}
}


@Article{lme4,
  title = {Fitting {L}inear {M}ixed-{E}ffects {M}odels using {lme4}},
  author = {Douglas Bates and Martin M{\"a}chler and Ben Bolker and Steve Walker},
  journal = {Journal of Statistical Software},
  year = {2015},
  volume = {67},
  number = {1},
  pages = {1--48},
  url = {https://doi.org/10.18637/jss.v067.i01}
}


@article{VVSIALM,
  author = {Mahbubul   Majumder  and  Heike   Hofmann  and  Dianne   Cook },
  title = {Validation of {V}isual {S}tatistical {I}nference, {A}pplied to {L}inear {M}odels},
  journal = {Journal of the American Statistical Association},
  volume = {108},
  number = {503},
  pages = {942--956},
  year  = {2013},
  publisher = {Taylor \& Francis},
  URL = { https://doi.org/10.1080/01621459.2013.808157}
}


@Article{GIIV,
  author = {Hadley Wickham and Dianne Cook and Heike Hofmann and Andreas Buja},
  journal = {IEEE Transactions on Visualization and Computer Graphics (Proc. InfoVis '10)},
  number = {6},
  pages = {973--979},
  selected = {TRUE},
  title = {Graphical {I}nference for {I}nfovis},
  volume = {16},
  year = {2010},
  url = {http://dx.doi.org/10.1109/TVCG.2010.161},
}


@article{GTPCCD,
  title={Graphical {T}ests for {P}ower {C}omparison of {C}ompeting {D}esigns},
  author={Heike Hofmann and Lendie Follett and Mahbubul Majumder and Dianne Cook},
  journal={IEEE Transactions on Visualization and Computer Graphics},
  year={2012},
  volume={18},
  pages={2441--2448}
}


@misc{shiny,
   title = {shiny: Web Application Framework for R},
   author = {Winston Chang and Joe Cheng and JJ Allaire and Yihui Xie and Jonathan McPherson},
   year = {2019},
   note = {R package version 1.4.0},
   url = {https://CRAN.R-project.org/package=shiny},
}


 @Manual{shinyd,
   title = {shinydashboard: Create Dashboards with 'Shiny'},
   author = {Winston Chang and Barbara {Borges Ribeiro}},
   year = {2018},
   note = {R package version 0.7.1},
   url = {https://CRAN.R-project.org/package=shinydashboard},
}
  
  
@inbook{ACTUC,
  author = {Dorling, Daniel},
  editor = {M. Dodge and R. Kitchin and C. Perkins},
  year = {2011},
  pages = {252--260},
  title = {Area {C}artograms: {T}heir {U}se and {C}reation},
  booktitle = {The Map Reader},
  publisher = {John Wiley \& Sons, Ltd},
  url = {https://doi.org/10.1002/9780470979587.ch33}
}


@incollection{HEDP,
  title={{Historical Evolution of Disease Mapping in General and Specifically of Cancer Mapping}},
  author={Howe, GM},
  booktitle={Cancer mapping},
  pages={1--21},
  year={1989},
  publisher={Springer}
}


@article{NAC,
author = {Judy M. Olson},
title = {Noncontiguous {A}rea {C}artograms},
journal = {The Professional Geographer},
volume = {28},
number = {4},
pages = {371--380},
year  = {1976},
publisher = {Routledge},
URL = {https://doi.org/10.1111/j.0033-0124.1976.00371.x}
}


@inproceedings{CBATCC, 
  author = {House, Donald H. and Kocmoud, Christopher J.}, 
  title = {Continuous cartogram construction}, 
  year = {1998}, 
  isbn = {1581131062}, 
  publisher = {IEEE Computer Society Press}, 
  address = {Washington, DC, USA}, 
  booktitle = {Proceedings of the Conference on Visualization '98}, 
  pages = {197–204}, 
  numpages = {8}, 
  location = {Research Triangle Park, North Carolina, USA}, 
  series = {VIS '98}
}

@article{CTTMB,
author = {T.L.C. Griffin},
title = {{Cartographic Transformation of the Thematic Map Base}},
journal = {Cartography},
volume = {11},
number = {3},
pages = {163--174},
year  = {1980},
publisher = {Taylor & Francis},
doi = {10.1080/00690805.1980.10438102},
URL = {https://doi.org/10.1080/00690805.1980.10438102},
eprint = {https://doi.org/10.1080/00690805.1980.10438102}
}


@article{NISCC,
author = {Borden D. Dent},
title = {{A Note on the Importance of Shape in Cartogram Communication}},
journal = {Journal of Geography},
volume = {71},
number = {7},
pages = {393--401},
year  = {1972},
doi = {10.1080/00221347208981697},
URL = {https://doi.org/10.1080/00221347208981697}
}


@article{RSCW,
   author = {Raisz, Erwin},
   title = {Rectangular {S}tatistical {C}artograms of the {W}orld},
   journal = {Journal of Geography},
   volume = {35},
   issue = {1},
   pages = {8--10},
   doi = {https://doi.org/10.1080/00221343608987880},
   year = {1963}
}

@article{CDWCS,
  author = {Mark Monmonier},
  title ={Cartography: {D}istortions, {W}orld-views and {C}reative {S}olutions},
  journal = {Progress in Human Geography},
  volume = {29},
  number = {2},
  pages = {217--224},
  year = {2005},
  URL = {https://doi.org/10.1191/0309132505ph540pr}
}

@misc{atlas,
  year = 2024,
  author = {{Cancer Council Queensland and Queensland University of Technology}},
  title =  {Australian {C}ancer {A}tlas 2.0, Version 05-2024},
  howpublished = {{Q}ueensland {U}niversity of {T}echnology, {C}ooperative {R}esearch {C}entre for {S}patial {I}nformation}},  
  url = {https://atlas.cancer.org.au}
}

@Book{rmarkdown,
  title = {R Markdown: The Definitive Guide},
  author = {Yihui Xie and J.J. Allaire and Garrett Grolemund},
  publisher = {Chapman and Hall/CRC},
  address = {Boca Raton, Florida},
  year = {2018},
  note = {ISBN 9781138359338},
  url = {https://bookdown.org/yihui/rmarkdown},
}


@Manual{rticles,
    title = {rticles: Article Formats for R Markdown},
    author = {JJ Allaire and Yihui Xie and {R Foundation} and Hadley Wickham and {Journal of Statistical Software} and Ramnath  Vaidyanathan and {Association for Computing Machinery} and Carl Boettiger and {Elsevier} and Karl Broman and Kirill Mueller and Bastiaan Quast and Randall  Pruim and Ben Marwick and Charlotte Wickham and Oliver Keyes and Miao Yu and Daniel Emaasit and Thierry Onkelinx and Alessandro Gasparini and Marc-Andre Desautels and Dominik Leutnant and {MDPI} and {Taylor and Francis} and Oguzhan Ögreden and Dalton Hance and Daniel Nüst and Petter Uvesten and Elio Campitelli and John Muschelli and Zhian N. Kamvar and Noam Ross and Robrecht Cannoodt},
    year = {2019},
    note = {R package version 0.13},
    url = {https://CRAN.R-project.org/package=rticles},
}


@Book{knitr,
    title = {Dynamic Documents with {R} and knitr},
    author = {Yihui Xie},
    publisher = {Chapman and Hall/CRC},
    address = {Boca Raton, Florida},
    year = {2015},
    edition = {2nd},
    note = {ISBN 978-1498716963},
    url = {https://yihui.org/knitr/},
  }

@Article{tidyverse,
    title = {Welcome to the {tidyverse}},
    author = {Hadley Wickham and Mara Averick and Jennifer Bryan and Winston Chang and Lucy D'Agostino McGowan and Romain François and Garrett Grolemund and Alex Hayes and Lionel Henry and Jim Hester and Max Kuhn and Thomas Lin Pedersen and Evan Miller and Stephan Milton Bache and Kirill Müller and Jeroen Ooms and David Robinson and Dana Paige Seidel and Vitalie Spinu and Kohske Takahashi and Davis Vaughan and Claus Wilke and Kara Woo and Hiroaki Yutani},
  year = {2019},
  journal = {Journal of Open Source Software},
  volume = {4},
  number = {43},
  pages = {1686},
  doi = {10.21105/joss.01686}
}


@Manual{nullabor,
  title = {{nullabor}: {T}ools for {G}raphical {I}nference},
  author = {Hadley Wickham and Niladri Roy Chowdhury and Di Cook and Heike Hofmann},
  year = {2018},
  note = {R package version 0.3.5},
  url = {https://CRAN.R-project.org/package=nullabor}
}


@Manual{ggthemes,
  title = {{ggthemes}: {E}xtra {T}hemes, {S}cales and {G}eoms for {ggplot2}},
  author = {Jeffrey B. Arnold},
  year = {2019},
  note = {R package version 4.2.0},
  url = {https://CRAN.R-project.org/package=ggthemes}
}


@Manual{RColorBrewer,
  title = {RColorBrewer: ColorBrewer Palettes},
  author = {Erich Neuwirth},
  year = {2014},
  note = {R package version 1.1-2},
  url = {https://CRAN.R-project.org/package=RColorBrewer}
}


@Manual{cowplot,
  title = {{cowplot}: {S}treamlined {P}lot {T}heme and {P}lot {A}nnotations for {ggplot2}},
  author = {Claus O. Wilke},
  year = {2019},
  note = {R package version 1.0.0},
  url = {https://CRAN.R-project.org/package=cowplot}
}


@Manual{png,
  title = {png: Read and write PNG images},
  author = {Simon Urbanek},
  year = {2013},
  note = {R package version 0.1-7},
  url = {https://CRAN.R-project.org/package=png}
}

@Manual{kableExtra,
  title = {kableExtra: Construct Complex Table with 'kable' and Pipe Syntax},
  author = {Hao Zhu},
  year = {2019},
  note = {R package version 1.1.0},
  url = {https://CRAN.R-project.org/package=kableExtra},
}
  
@article{sugarbag,
  author = {Kobakian, Stephanie and Cook, Dianne and Duncan, Earl},
  title = {A {H}exagon {T}ile {M}ap {A}lgorithm for {D}isplaying {S}patial {D}ata},
  journal = {The R Journal},
  year = {2023},
  url = {https://doi.org/10.32614/RJ-2023-021},
  volume = {15},
  issue = {1},
  issn = {2073-4859},
  pages = {6--16}
}

@book{EI,
  title = {{Envisioning Information}},
  author = {Tufte, Edward R.},
  year = {1990},
  publisher={Graphics Press}
}


@misc{BCM,
 URL = {https://alsino.io/static/papers/BeyondChoropleths_AlsinoSkowronnek.pdf},
 author = {Alsino Skowronnek},
  title = {{Beyond Choropleth Maps – A Review of Techniques to Visualize Quantitative Areal Geodata}},
 journal = {{Infovis Reading Group WS 2015/16}},
 year = {2016}
}
  
@Book{ggplot2,
    author = {Hadley Wickham},
    title = {{ggplot2}: {E}legant {G}raphics for {D}ata {A}nalysis},
    publisher = {Springer New York},
    year = {2009},
    isbn = {978-0-387-98140-6},
    url = {http://had.co.nz/ggplot2/book},
}

@Article{gstat,
  title = {Spatio-{T}emporal {I}nterpolation using {gstat}},
  author = {Benedikt Gräler and Edzer Pebesma and Gerard Heuvelink},
  year = {2016},
  journal = {The R Journal},
  volume = {8},
  issue = {1},
  pages = {204--218},
  url = {https://doi.org/10.32614/RJ-2016-014/},
}

@Manual{taipan,
  title = {{taipan}: {T}ool for {A}nnotating {I}mages in {P}reparation for {A}nalysis},
  author = {Stephanie Kobakian and Mitchell O'Hara-Wild},
  year = {2018},
  note = {R package version 0.1.2},
  url = {https://CRAN.R-project.org/package=taipan},
}

@article{POG,
  title = {Principles of {G}eostatistics},
  author = {Matheron, G},
  journal = {Economic Geology},
  year = {1963},
  volume = {58},
  pages = {1246--1266},
  url = {http://dx.doi.org/10.2113/gsecongeo.58.8.1246}
}

@misc{Allaire_Quarto_2025,
  author = {Allaire, J.J. and Teague, Charles and Scheidegger, Carlos and Xie, Yihui and Dervieux, Christophe and Woodhull, Gordon},
  doi = {10.5281/zenodo.5960048},
  month = apr,
  title = {{Quarto}},
  url = {https://github.com/quarto-dev/quarto-cli},
  version = {1.7},
  year = {2025}
}

@misc{quarto-anzjs,
  author={Emi Tanaka},
  title={An Unofficial Quarto Template for the Australian and New Zealand Journal of Statistics},
  year=2024,
  howpublished={https://github.com/emitanaka/quarto-anzjs}
}

@book{monmonier2018how,
  author    = {Mark Monmonier},
  title     = {How to {L}ie with {M}aps},
  edition   = {3},
  year      = {2018},
  publisher = {University of Chicago Press},
  address   = {Chicago}
}

@article{atlas-methods,
  author = {Earl W. Duncan and Susanna M. Cramb and Joanne F. Aitken and Kerrie L. Mengersen and Peter D. Baade},
  year = 2019,
  title = {Development of the {A}ustralian {C}ancer {A}tlas: {S}patial {M}odelling, {V}isualisation, and {R}eporting of {E}stimates},
  journal = {International Journal of Health Geographics},
  volume = 18,
  issue = 21,
  url = {https://doi.org/10.1186/s12942-019-0185-9}
}

@ARTICLE{VH2016,
  author={{VanderPlas}, Susan and Hofmann, Heike},
  journal={IEEE Transactions on Visualization and Computer Graphics}, 
  title={Spatial {R}easoning and {D}ata {D}isplays}, 
  year={2016},
  volume={22},
  number={1},
  pages={459--468},
  url={https://doi.org/10.1109/TVCG.2015.2469125}
}

@article{KCR,
	author = {Stephanie Kobakian and Dianne Cook and Jessie Roberts},
	title = {Mapping {C}ancer: the {P}otential of {C}artograms and {A}lternative {M}ap {D}isplays},
	journal = {Annals of Cancer Epidemiology},
	volume = {4},
	number = {0},
	year = {2020},
	issn = {2616-4213},	
	note = {https://ace.amegroups.org/article/view/6040},
	url = {https://doi.org/10.21037/ace-19-31}
}

@ARTICLE{BDMSTW,
  author={Beecham, Roger and Dykes, Jason and Meulemans, Wouter and Slingsby, Aidan and Turkay, Cagatay and Wood, Jo},
  journal={IEEE Transactions on Visualization and Computer Graphics}, 
  title={Map {L}ine{U}ps: {E}ffects of {S}patial {S}tructure on {G}raphical {I}nference}, 
  year={2017},
  volume={23},
  number={1},
  pages={391--400},
  url={https://doi.org/10.1109/TVCG.2016.2598862}
}

@ARTICLE{VCH,
  author = {{VanderPlas}, Susan and Cook, Dianne and Hofmann, Heike},
  title = {Testing {S}tatistical {C}harts: {W}hat {M}akes a {G}ood {G}raph?},
  year = 2020,
  journal = {Annual Review of Statistics and Its Application}, 
  volume = 7, 
  issue = 1, 
  pages = {61--88}, 
  url = {http://dx.doi.org/10.1146/annurev-statistics-031219-041252}
}

@article{LHC,
  author = {Adam Loy and Heike Hofmann and Dianne Cook},
  title = {Model {C}hoice and {D}iagnostics for {L}inear {M}ixed-{E}ffects {M}odels using {S}tatistics on {S}treet {C}orners},
  journal = {Journal of Computational and Graphical Statistics},
  volume = {26},
  number = {3},
  pages = {478--492},
  year = {2017},
  url = {https://doi.org/10.1080/10618600.2017.1330207}
}

@article{VanderPlas2021Designing,
	author = {{VanderPlas}, Susan},
	journal = {Harvard Data Science Review},
	number = {3},
	year = {2021},
	url = {https://doi.org/10.1162/99608f92.7d099fd0},
	publisher = {The MIT Press},
	title = {Designing {Graphics} {Requires} {Useful} {Experimental} {Testing} {Frameworks} and {Graphics} {Derived} {From} {Empirical} {Results}},
	volume = {3},
}

@ARTICLE{RS2021,
  author={Reda, Khairi and Szafir, Danielle Albers},
  journal={IEEE Transactions on Visualization and Computer Graphics}, 
  title={Rainbows {R}evisited: {M}odeling {E}ffective {C}olormap {D}esign for {G}raphical {I}nference}, 
  year={2021},
  volume={27},
  number={2},
  pages={1032--1042},
  doi={https://doi.org/10.1109/TVCG.2020.3030439}
}

@article{FFS,
  author = {Fieberg, John and Freeman, Smith and Signer, Johannes},
  title = {Using {L}ineups to {E}valuate {G}oodness of {F}it of {A}nimal {M}ovement {M}odels},
  journal = {Methods in Ecology and Evolution},
  year = {2024},
  volume = {15},
  number = {6},
  pages = {1048--1059},
  url = {https://doi.org/10.1111/2041-210X.14336}
}

@article{Green2021,
  author = {James A. Green},
  title = {Too {M}any {Z}eros and/or {H}ighly {S}kewed? {A} {T}utorial on {M}odelling {H}ealth {B}ehaviour as {C}ount {D}ata with {P}oisson and {N}egative {B}inomial {R}egression},
  journal = {Health Psychology and Behavioral Medicine},
  volume = {9},
  number = {1},
  pages = {436--455},
  year = {2021},
  publisher = {Routledge},
  doi = {https://doi.org/10.1080/21642850.2021.1920416}
}

@article{KTV,
  author = {Michael Kossmeier and Ulrich S. Tran and Martin Voracek},
  title = {Visual Inference for the Funnel Plot in Meta-Analysis},
  year = 2019,
  journal = {Hotspots in Psychology},
  volume = {227},
  issue = {1},
  url = {https://doi.org/10.1027/2151-2604/a000358}
}

@article{LCTV,
  author = {Weihao Li and Dianne Cook and Emi Tanaka and Susan {VanderPlas}},
  title = {A {P}lot is {W}orth a {T}housand {T}ests: {A}ssessing {R}esidual {D}iagnostics with the {L}ineup {P}rotocol},
  journal = {Journal of Computational and Graphical Statistics},
  volume = {33},
  number = {4},
  pages = {1497--1511},
  year = {2024},
  url = {https://doi.org/10.1080/10618600.2024.2344612}
}

@article{VRCH,
  author = {{VanderPlas}, Susan and Röttger, Christian and Cook, Dianne and Hofmann, Heike},
  title = {Statistical {S}ignificance {C}alculations for {S}cenarios in {V}isual {I}nference},
  journal = {Stat},
  year = {2021},
  volume = {10},
  number = {1},
  pages = {e337},
  doi = {https://doi.org/10.1002/sta4.337}
}

@article{YMCCSG,
  author = {Yin, T. and Majumder, M. and {Roy Chowdhury}, N. and Cook, D. and Shoemaker, R.C. and Graham, M.A.},
  year = 2013,
  title = {Visual {M}ining {M}ethods for {RNA-S}eq {D}ata: {D}ata {S}tructure, {D}ispersion {E}stimation and {S}ignificance {T}esting},
  journal = {Journal of Data Mining in Genomics \& Proteomics},
  volume = 4,
  issue = 139,
  url = {https://doi.org/10.4172/2153-0602.1000139}
}

@Manual{Lenth2025,
  title = {emmeans: Estimated Marginal Means, aka Least-Squares Means},
  author = {Russell V. Lenth},
  year = {2025},
  note = {R package version 1.11.1},
  url = {https://CRAN.R-project.org/package=emmeans}
}

@article{MHC,
  author = {Majumder, Mahbubul and Hofmann, Heike and Cook, Dianne},
  title = {Effect of {H}uman {F}actors on {V}isual {S}tatistical {I}nference},
  journal = {WIREs Computational Statistics},
  volume = {17},
  number = {3},
  pages = {e70033},
  year = 2025,
  url = {https://doi.org/10.1002/wics.70033}
}

@inproceedings{KFIF,
  author    = {Kaspar, Sybille and Fabrikant, Sara Irina and Freckmann, Peter},
  title     = {Empirical {S}tudy of {C}artograms},
  booktitle = {Proceedings of the 25th International Cartographic Conference},
  year      = {2011},
  address   = {Paris, France},
  url       = {https://user.geo.uzh.ch/sfabri/pubs/kaspar_fabrikant_freckmann_ica11.pdf}
}

@misc{abc-election2025,
  author = {Antony Green},
  title = {Australian {F}ederal {E}lection 2025 {L}ive {R}esults},
  year = {2025},
  howpublished = {https://www.abc.net.au/news/elections/federal/2025/results}
}

@misc{guardian-election2025,
  author = {Nick Evershed and Andy Ball},
  title = {Australian election 2025 live results: votes tracker and federal seat and Senate counts},
  year = 2025,
  howpublished = {https://www.theguardian.com/australia-news/ng-interactive/2025/may/07/results-2025-federal-election-live}
}

@article{ZCHMR,
  author = {YiFan Zhao and Dianne Cook and Heike Hofmann and Mahbubul Majumder
 and Niladri {Roy Chowdhury}},
  title = {Mind {R}eading: {U}sing an {E}ye-{T}racker to {S}ee {H}ow {P}eople are {L}ooking at {L}ineups},
  year = {2013},
  journal = {International Journal of Intelligent Technologies and Applied Statistics},
  volume = {6},
  issue = {4},
  pages = {393-413},
  url = {https://doi.org/10.6148/IJITAS.2013.0604.05}
}

@Manual{ggbeeswarm,
    title = {{ggbeeswarm}: {C}ategorical {S}catter ({V}iolin {P}oint) {P}lots},
    author = {Erik Clarke and Scott Sherrill-Mix and Charlotte Dawson},
    year = {2023},
    note = {R package version 0.7.2},
    url = {https://doi.org/10.32614/CRAN.package.ggbeeswarm},
}

@Article{ggmosaic,
    title = {Generalized {M}osaic {P}lots in the {ggplot2} {F}ramework},
    author = {Haley Jeppson and Heike Hofmann},
    journal = {The R Journal},
    year = {2023},
    url = {https://doi.org/10.32614/RJ-2023-013},
    volume = {14},
    number = {4},
    issn = {2073-4859},
    pages = {50-78},
}
